<record><leader>00000cas a22000007a 4500</leader><controlfield tag="001">42895595</controlfield><controlfield tag="008">991129d193719uuvaumr ne      0    0eng d</controlfield><datafield ind1=" " ind2=" " tag="010"><subfield code="a">sn 99066994 </subfield></datafield><datafield ind1=" " ind2=" " tag="040"><subfield code="a">NVK</subfield><subfield code="b">eng</subfield><subfield code="c">NVK</subfield><subfield code="d">OCLCQ</subfield><subfield code="d">OCLCF</subfield><subfield code="d">OCLCO</subfield><subfield code="d">OCLCA</subfield><subfield code="d">NVK</subfield></datafield><datafield ind1=" " ind2=" " tag="042"><subfield code="a">msc</subfield></datafield><datafield ind1=" " ind2=" " tag="043"><subfield code="a">n-us-va</subfield></datafield><datafield ind1="0" ind2="4" tag="245"><subfield code="a">The Skyline news.</subfield></datafield><datafield ind1=" " ind2=" " tag="260"><subfield code="a">[Luray, Va.] :</subfield><subfield code="b">C.C.C. Co. 375</subfield></datafield><datafield ind1=" " ind2=" " tag="300"><subfield code="a">v.</subfield></datafield><datafield ind1=" " ind2=" " tag="310"><subfield code="a">Monthly</subfield></datafield><datafield ind1=" " ind2=" " tag="321"><subfield code="a">Semimonthly,</subfield><subfield code="b">1937-Mar. 1938</subfield></datafield><datafield ind1="1" ind2=" " tag="362"><subfield code="a">Began in 1937.</subfield><subfield code="z">Cf. Center for Research Libraries.</subfield></datafield><datafield ind1=" " ind2=" " tag="530"><subfield code="a">Available on microfiche from the Center for Research Libraries.</subfield></datafield><datafield ind1=" " ind2=" " tag="530"><subfield code="a">Also available online.</subfield></datafield><datafield ind1=" " ind2=" " tag="588"><subfield code="a">Description based on: Vol. 1, no. 2.</subfield></datafield><datafield ind1=" " ind2=" " tag="588"><subfield code="a">Latest issue consulted: Vol. 1, no. 14 (June 1938).</subfield></datafield><datafield ind1="2" ind2="0" tag="610"><subfield code="a">Civilian Conservation Corps (U.S.)</subfield><subfield code="v">Newspapers.</subfield></datafield><datafield ind1=" " ind2="0" tag="651"><subfield code="a">Luray (Va.)</subfield><subfield code="v">Newspapers.</subfield></datafield><datafield ind1="2" ind2="7" tag="610"><subfield code="a">Civilian Conservation Corps (U.S.)</subfield><subfield code="2">fast</subfield><subfield code="0">(OCoLC)fst00536299</subfield></datafield><datafield ind1=" " ind2="7" tag="651"><subfield code="a">Virginia</subfield><subfield code="z">Luray.</subfield><subfield code="2">fast</subfield><subfield code="0">(OCoLC)fst01222874</subfield></datafield><datafield ind1=" " ind2="7" tag="655"><subfield code="a">Newspapers.</subfield><subfield code="2">fast</subfield><subfield code="0">(OCoLC)fst01423814</subfield></datafield><datafield ind1="2" ind2=" " tag="710"><subfield code="a">Civilian Conservation Corps (U.S.).</subfield><subfield code="b">Company 375 (Luray, Va.)</subfield></datafield><datafield ind1=" " ind2=" " tag="752"><subfield code="a">United States</subfield><subfield code="b">Virginia</subfield><subfield code="c">Page</subfield><subfield code="d">Luray.</subfield></datafield><datafield ind1="4" ind2="1" tag="856"><subfield code="u">www.virginiachronicle.com</subfield></datafield><datafield ind1="1" ind2=" " tag="029"><subfield code="a">AU@</subfield><subfield code="b">000021237388</subfield></datafield></record>